@InProceedings{stanley:gecco02-efficient,
	title={Efficient Evolution Of Neural Network Topologies},
	author={Kenneth O. Stanley and Risto Miikkulainen},
	booktitle={Proceedings of the Genetic and Evolutionary Computation Conference},
	editor={William B. Langdon and Erick Cantu-Paz and Keith E. Mathias and Rajkumar Roy and David Davis and Riccardo Poli and Karthik Balakrishnan and Vasant Honavar and G{"u}nter Rudolph and Joachim Wegener and Larry Bull and Mitchell A. Potter and Alan C. Schultz},
	address={Piscataway, NJ},
	publisher={San Francisco, CA: Morgan Kaufmann},
	pages={1757-1762},
	url="http://nn.cs.utexas.edu/?stanley:cec02",
	year={2002}
}